<record><leader>00000cas a2200000 a 4500</leader><controlfield tag="001">13919797</controlfield><controlfield tag="008">860723d19452000miuwn ne      0   c0ukr c</controlfield><datafield ind1=" " ind2=" " tag="010"><subfield code="a">sn 86002162 </subfield></datafield><datafield ind1=" " ind2=" " tag="040"><subfield code="a">NSD</subfield><subfield code="b">eng</subfield><subfield code="c">NSD</subfield><subfield code="d">YOX</subfield><subfield code="d">EBZ</subfield><subfield code="d">OCLCQ</subfield><subfield code="d">DLC</subfield><subfield code="d">OCLCQ</subfield><subfield code="d">DLC</subfield><subfield code="d">OCLCQ</subfield><subfield code="d">OCLCA</subfield><subfield code="d">OCLCF</subfield><subfield code="d">DLC</subfield></datafield><datafield ind1=" " ind2=" " tag="066"><subfield code="c">(N</subfield><subfield code="c">(Q</subfield></datafield><datafield ind1=" " ind2=" " tag="012"><subfield code="j">1</subfield><subfield code="k">1</subfield><subfield code="l">1</subfield><subfield code="m">1</subfield></datafield><datafield ind1="0" ind2=" " tag="022"><subfield code="a">0889-5082</subfield><subfield code="l">0889-5082</subfield><subfield code="2">1</subfield></datafield><datafield ind1=" " ind2=" " tag="032"><subfield code="a">442450</subfield><subfield code="b">USPS</subfield></datafield><datafield ind1=" " ind2=" " tag="037"><subfield code="b">Ukrainian News Inc., 19411 W. Warren Ave., Detroit, MI 48228-3389</subfield></datafield><datafield ind1=" " ind2=" " tag="042"><subfield code="a">nsdp</subfield><subfield code="a">pcc</subfield></datafield><datafield ind1=" " ind2=" " tag="043"><subfield code="a">n-us---</subfield><subfield code="a">n-cn---</subfield><subfield code="a">e-gx---</subfield></datafield><datafield ind1="0" ind2="0" tag="050"><subfield code="a">Newspaper 1714</subfield></datafield><datafield ind1="1" ind2="0" tag="082"><subfield code="a">947</subfield><subfield code="2">11</subfield></datafield><datafield ind1="0" ind2=" " tag="130"><subfield code="6">880-01</subfield><subfield code="a">Ukrai&#776;ns&#697;ki visti (Neu-Ulm, Germany)</subfield></datafield><datafield ind1="0" ind2=" " tag="210"><subfield code="a">Ukr. vi&#768;sti&#768;</subfield><subfield code="b">(Detroit Mich.)</subfield></datafield><datafield ind1=" " ind2="0" tag="222"><subfield code="a">Ukrai&#776;ns&#769;ki&#768; vi&#768;sti&#768;</subfield><subfield code="b">(Detroit, Mich.)</subfield></datafield><datafield ind1="1" ind2="0" tag="245"><subfield code="6">880-02</subfield><subfield code="a">Ukrai&#776;ns&#697;ki visti.</subfield></datafield><datafield ind1="3" ind2="1" tag="246"><subfield code="a">Ukrainian news</subfield></datafield><datafield ind1="1" ind2="3" tag="246"><subfield code="a">Ukrainski Wisti</subfield></datafield><datafield ind1=" " ind2=" " tag="260"><subfield code="a">Neu-Ulm [Germany] :</subfield><subfield code="b">Ukrai&#776;ns&#697;ki Visti</subfield></datafield><datafield ind1=" " ind2=" " tag="300"><subfield code="a">v.</subfield></datafield><datafield ind1=" " ind2=" " tag="310"><subfield code="a">Weekly (except first two Sundays of Aug.)</subfield></datafield><datafield ind1=" " ind2=" " tag="321"><subfield code="a">Semiweekly,</subfield><subfield code="b">&lt;Apr. 3, 1948-July 13, 1950&gt;</subfield></datafield><datafield ind1=" " ind2=" " tag="321"><subfield code="a">Weekly,</subfield><subfield code="b">&lt;1971&gt;-</subfield></datafield><datafield ind1="1" ind2=" " tag="362"><subfield code="a">Began in Fall, 1945; ceased with May 30, 2000.</subfield></datafield><datafield ind1=" " ind2=" " tag="500"><subfield code="a">"Ukrainian weekly newspaper established in Neu-Ulm (W. Germany)--in 1945. Transferred to Detroit, MI (USA) in August 1978."</subfield></datafield><datafield ind1=" " ind2=" " tag="515"><subfield code="a">September 20, 1978 issue misidentified as August 20, 1978.</subfield></datafield><datafield ind1=" " ind2=" " tag="530"><subfield code="a">Also issued on microfilm from the Library of Congress, Photoduplication Service.</subfield></datafield><datafield ind1=" " ind2=" " tag="546"><subfield code="a">In Ukrainian.</subfield></datafield><datafield ind1=" " ind2=" " tag="588"><subfield code="a">Description based on: Rik 4, chyslo 28 (180) (3. Kvitni&#65056;a&#65057;, 1948 r.) = whole no. 180.</subfield></datafield><datafield ind1=" " ind2="0" tag="650"><subfield code="a">Ukrainians</subfield><subfield code="z">United States</subfield><subfield code="v">Newspapers.</subfield></datafield><datafield ind1=" " ind2="0" tag="650"><subfield code="a">Ukrainian Americans</subfield><subfield code="v">Newspapers.</subfield></datafield><datafield ind1=" " ind2="0" tag="650"><subfield code="a">Ukrainians</subfield><subfield code="z">Canada</subfield><subfield code="v">Newspapers.</subfield></datafield><datafield ind1=" " ind2="0" tag="650"><subfield code="a">Ukrainians</subfield><subfield code="z">Germany</subfield><subfield code="v">Newspapers.</subfield></datafield><datafield ind1=" " ind2="0" tag="651"><subfield code="a">Neu-Ulm (Germany)</subfield><subfield code="v">Newspapers.</subfield></datafield><datafield ind1=" " ind2="7" tag="650"><subfield code="a">Ukrainian Americans.</subfield><subfield code="2">fast</subfield><subfield code="0">(OCoLC)fst01160424</subfield></datafield><datafield ind1=" " ind2="7" tag="650"><subfield code="a">Ukrainians.</subfield><subfield code="2">fast</subfield><subfield code="0">(OCoLC)fst01160566</subfield></datafield><datafield ind1=" " ind2="7" tag="651"><subfield code="a">Canada.</subfield><subfield code="2">fast</subfield><subfield code="0">(OCoLC)fst01204310</subfield></datafield><datafield ind1=" " ind2="7" tag="651"><subfield code="a">Germany.</subfield><subfield code="2">fast</subfield><subfield code="0">(OCoLC)fst01210272</subfield></datafield><datafield ind1=" " ind2="7" tag="651"><subfield code="a">Germany</subfield><subfield code="z">Neu-Ulm.</subfield><subfield code="2">fast</subfield><subfield code="0">(OCoLC)fst01226962</subfield></datafield><datafield ind1=" " ind2="7" tag="651"><subfield code="a">United States.</subfield><subfield code="2">fast</subfield><subfield code="0">(OCoLC)fst01204155</subfield></datafield><datafield ind1=" " ind2="7" tag="655"><subfield code="a">Newspapers.</subfield><subfield code="2">fast</subfield><subfield code="0">(OCoLC)fst01423814</subfield></datafield><datafield ind1=" " ind2=" " tag="752"><subfield code="a">United States</subfield><subfield code="b">Michigan</subfield><subfield code="c">Wayne</subfield><subfield code="d">Detroit.</subfield></datafield><datafield ind1=" " ind2=" " tag="752"><subfield code="a">Germany</subfield><subfield code="d">Neu-Ulm.</subfield></datafield><datafield ind1="0" ind2=" " tag="880"><subfield code="6">130-01/(N</subfield><subfield code="a">&#1059;&#1082;&#1088;&#1072;&#1111;&#1085;&#1089;&#1100;&#1082;&#1110; &#1074;&#1110;&#1089;&#1090;&#1110; (Neu-Ulm, Germany)</subfield></datafield><datafield ind1="1" ind2="0" tag="880"><subfield code="6">245-02/(N</subfield><subfield code="a">&#1059;&#1082;&#1088;&#1072;&#1111;&#1085;&#1089;&#1100;&#1082;&#1110; &#1074;&#1110;&#1089;&#1090;&#1110;.</subfield></datafield><datafield ind1="1" ind2=" " tag="029"><subfield code="a">AU@</subfield><subfield code="b">000022770270</subfield></datafield></record>